@Book{dunn2018,
  title= {Generalized Linear Models With Examples in R},
  author = {Peter K. Dunn, Gordon K. Smyth},
  publisher = {Springer Science and Business Media}
  address = {New York, New York}
  year = {2018}
  edition = {1st}
  note = {ISBN 9781441901170}
}